<?xml version="1.0" encoding="UTF-8"?>
<record xmlns="http://www.loc.gov/MARC21/slim" xmlns:xsi="http://www.w3.org/2001/XMLSchema-instance" xsi:schemaLocation="http://www.loc.gov/MARC21/slim http://www.loc.gov/standards/marcxml/schema/MARC21slim.xsd">
<leader>00000cam a22      i 4500</leader>
<controlfield tag="001">001679878</controlfield>
<controlfield tag="003">NNU</controlfield>
<controlfield tag="005">20141010164304.0</controlfield>
<controlfield tag="008">900702m19701970iq h     b    000 0 ara</controlfield>
<datafield tag="010" ind1=" " ind2=" ">
<subfield code="a">   74962704</subfield>
</datafield>
<datafield tag="035" ind1=" " ind2=" ">
<subfield code="a">(OCoLC)21954230</subfield>
</datafield>
<datafield tag="040" ind1=" " ind2=" ">
<subfield code="a">DLC</subfield>
<subfield code="b">eng</subfield>
<subfield code="c">WAU</subfield>
<subfield code="d">OSU</subfield>
<subfield code="d">OCLCG</subfield>
<subfield code="d">CLU</subfield>
<subfield code="d">OSU</subfield>
<subfield code="d">OCLCF</subfield>
<subfield code="d">OCLCQ</subfield>
<subfield code="d">NNU</subfield>
</datafield>
<datafield tag="050" ind1=" " ind2="4">
<subfield code="a">PJ6171</subfield>
<subfield code="b">.Z3 1970</subfield>
</datafield>
<datafield tag="100" ind1="1" ind2=" ">
<subfield code="6">880-01</subfield>
<subfield code="a">Zamakhsharī, Maḥmūd ibn ʻUmar,</subfield>
<subfield code="d">1075-1144.</subfield>
</datafield>
<datafield tag="245" ind1="1" ind2="3">
<subfield code="6">880-02</subfield>
<subfield code="a">al-Qisṭās al-mustaqīm fī ʻilm al-ʻurūḍ /</subfield>
<subfield code="c">taʼlīf Jār Allāh Abī al-Qāsim Maḥmūd ibn ʻUmar ibn Muḥammad ibn ʻUmar al-Khawārzamī al-Zamakhsharī ; ḥaqqaqathu wa-ʻallaqat ḥawāshihi Bahījah Bāqir al-Ḥasanī ; qaddama lahu Kamāl Ibrāhīm wa-Ṣafāʼ Khulūsị̄.</subfield>
</datafield>
<datafield tag="246" ind1="1" ind2="4">
<subfield code="6">880-03</subfield>
<subfield code="a">Kistas al-mustakim fī ʻilm al-ʻarud</subfield>
</datafield>
<datafield tag="260" ind1=" " ind2=" ">
<subfield code="6">880-04</subfield>
<subfield code="a">Baghdād :</subfield>
<subfield code="b">Maktabat al-Andalus,</subfield>
<subfield code="c">1969 [i.e. 1970]</subfield>
</datafield>
<datafield tag="300" ind1=" " ind2=" ">
<subfield code="a">318 pages :</subfield>
<subfield code="b">facsimiles ;</subfield>
<subfield code="c">25 cm</subfield>
</datafield>
<datafield tag="336" ind1=" " ind2=" ">
<subfield code="a">text</subfield>
<subfield code="b">txt</subfield>
<subfield code="2">rdacontent</subfield>
</datafield>
<datafield tag="337" ind1=" " ind2=" ">
<subfield code="a">unmediated</subfield>
<subfield code="b">n</subfield>
<subfield code="2">rdamedia</subfield>
</datafield>
<datafield tag="338" ind1=" " ind2=" ">
<subfield code="a">volume</subfield>
<subfield code="b">nc</subfield>
<subfield code="2">rdacarrier</subfield>
</datafield>
<datafield tag="504" ind1=" " ind2=" ">
<subfield code="a">Includes bibliographical references (pages 273-279).</subfield>
</datafield>
<datafield tag="650" ind1=" " ind2="0">
<subfield code="a">Arabic language</subfield>
<subfield code="x">Versification.</subfield>
</datafield>
<datafield tag="650" ind1=" " ind2="7">
<subfield code="a">Arabic language</subfield>
<subfield code="x">Versification.</subfield>
<subfield code="2">fast</subfield>
<subfield code="0">(OCoLC)fst00812458</subfield>
</datafield>
<datafield tag="700" ind1="1" ind2=" ">
<subfield code="6">880-05</subfield>
<subfield code="a">Ḥasanī, Bahījah.</subfield>
</datafield>
<datafield tag="776" ind1="0" ind2="8">
<subfield code="i">Online version:</subfield>
<subfield code="a">Zamakhsharī, Maḥmūd ibn ʻUmar, 1075-1144.</subfield>
<subfield code="t">Qisṭās al-mustaqīm fī ʻilm al-ʻurūḍ.</subfield>
<subfield code="d">Baghdād : Maktabat al-Andalus, 1969 [i.e. 1970]</subfield>
<subfield code="w">(OCoLC)580922826</subfield>
</datafield>
<datafield tag="880" ind1="1" ind2=" ">
<subfield code="6">100-01/</subfield>
<subfield code="a">زمخشري، محمود بن عمر،,</subfield>
<subfield code="d">1075-1144.</subfield>
</datafield>
<datafield tag="880" ind1="1" ind2="2">
<subfield code="6">245-02/</subfield>
<subfield code="a">القسطاس المستقيم في علم العروض /</subfield>
<subfield code="c">تأليف جار الله أبي القاسم محمود بن عمر بن محمد بن عمر الخوارزمي الزمخشري ؛ حققته وعلقت حواشه بهيجة باقر الحسني ؛ قدم له كمال إبراهيم وصفاء خلوسي.</subfield>
</datafield>
<datafield tag="880" ind1="1" ind2="4">
<subfield code="6">246-03/</subfield>
<subfield code="a">قسطاس المستقيم في علم العروض</subfield>
</datafield>
<datafield tag="880" ind1=" " ind2=" ">
<subfield code="6">260-04/</subfield>
<subfield code="a">بغداد :</subfield>
<subfield code="b">مكتبة الأندلس،</subfield>
<subfield code="c">1969 [i.e. 1970]</subfield>
</datafield>
<datafield tag="880" ind1="1" ind2=" ">
<subfield code="6">700-05/</subfield>
<subfield code="a">حسني، بهيجة.</subfield>
</datafield>
<datafield tag="OWN" ind1=" " ind2=" ">
<subfield code="a">GENERAL</subfield>
</datafield>
<datafield tag="AVA" ind1=" " ind2=" ">
<subfield code="a">NYU50</subfield>
<subfield code="b">BOBST</subfield>
<subfield code="c">Main Collection</subfield>
<subfield code="d">PJ6171 .Z3 1970</subfield>
<subfield code="e">unavailable</subfield>
<subfield code="t">Unavailable</subfield>
<subfield code="f">1</subfield>
<subfield code="g">1</subfield>
<subfield code="h">N</subfield>
<subfield code="i">1</subfield>
<subfield code="j">MAIN</subfield>
<subfield code="k">0</subfield>
</datafield>
</record>
